<record><leader>00000cas a22000007a 4500</leader><controlfield tag="001">20778949</controlfield><controlfield tag="008">891213d18831926mouwr ne      0    0eng d</controlfield><datafield ind1=" " ind2=" " tag="010"><subfield code="a">sn 89067567 </subfield></datafield><datafield ind1=" " ind2=" " tag="040"><subfield code="a">MQN</subfield><subfield code="b">eng</subfield><subfield code="c">MQN</subfield><subfield code="d">OCLCQ</subfield></datafield><datafield ind1=" " ind2=" " tag="042"><subfield code="a">msc</subfield></datafield><datafield ind1="0" ind2=" " tag="130"><subfield code="a">Marion County herald (Palmyra, Mo.)</subfield></datafield><datafield ind1="1" ind2="0" tag="245"><subfield code="a">Marion County herald.</subfield></datafield><datafield ind1=" " ind2=" " tag="260"><subfield code="a">Palmyra, Mo. :</subfield><subfield code="b">M.P. Drummond,</subfield><subfield code="c">1883-</subfield></datafield><datafield ind1=" " ind2=" " tag="300"><subfield code="a">v.</subfield></datafield><datafield ind1=" " ind2=" " tag="310"><subfield code="a">Weekly</subfield></datafield><datafield ind1="0" ind2=" " tag="362"><subfield code="a">Vol. 1, no. 1 (Jan 5, 1883)-</subfield></datafield><datafield ind1="1" ind2=" " tag="362"><subfield code="a">Ceased in 1926?</subfield></datafield><datafield ind1=" " ind2=" " tag="752"><subfield code="a">United States</subfield><subfield code="b">Missouri</subfield><subfield code="c">Marion</subfield><subfield code="d">Palmyra.</subfield></datafield></record>